@misc{Doxygen,
  author = "Dimitri van Heesch",
  title = "Doxygen",
  howpublished = "\url{http://www.doxygen.org/index.html}",
  note = "[letzter Zugriff: 5. Feb. 2016]"
}

@misc{RTAudioAPIs,
  author = "Gary P. Scavone",
  title = "The {R}t{A}udio {H}ome {P}age - {API} {N}otes",
  howpublished = "\url{http://www.music.mcgill.ca/~gary/rtaudio/apinotes.html}",
  note = "[letzter Zugriff: 10. Jan. 2016]"
}

@misc{WinsockReference,
  author = "Microsoft",
  title = "Winsock Reference",
  howpublished = "\url{https://msdn.microsoft.com/de-de/library/windows/desktop/ms740120%28v=vs.85%29.aspx}",
  note = "[letzter Zugriff: 29. Jan. 2016]"
}

@misc{RFC3550,
  author = "IETF",
  title = "RTP: {A} {T}ransport {P}rotocol for {R}eal-{T}ime {A}pplications",
  howpublished = "\url{https://tools.ietf.org/html/rfc3550}",
  note = "[letzter Zugriff: 24. Jan. 2016]",
  month = "Juli",
  year = "2003"
}

%Vorlagen:
@misc{wikipedia,
  author = "Wikipedia",
  title = "Wikipedia",
  journal = "\url{http://www.wikipedia.org/}",
  note = "[letzter Zugriff: 7. Aug. 2014]"
}

@misc{wikiciting,
  author = "Wikipedia",
  title = "Citing Wikipedia, the free encyclopedia.",
  journal = "\url{http://en.wikipedia.org/wiki/Wikipedia:Citing\_sources}",
  note = "[letzter Zugriff: 7. Aug. 2014]"
}

@misc{texlive,
  title = "{TeX Live}: Comprehensive {T}e{X} system with binaries for most 
           flavors of {U}nix, including {GNU}/{L}inux, and also {W}indows",
  key = "texlive",
  howpublished = "\url{http://www.tug.org/texlive/}",
  note = "[letzter Zugriff: 7. Aug. 2014]"
}

@misc{dante,
  title = "dante: {D}eutschsprachige {A}nwendervereinigung {T}e{X} e.{V}.",
  key = "dante",
  howpublished = "\url{http://www.dante.de/}", 
  note = "[letzter Zugriff: 7. Aug. 2014]"
}

@misc{tug,
  title = "{TUG}: {T}ex {U}ser {G}roup",
  key = "tug",
  howpublished = "\url{http://tug.org/}",
  note = "[letzter Zugriff: 7. Aug. 2014]"
}

@misc{miktex,
  title = "{MiKTeX}: Typesetting beautiful documents",
  key = "miktex",
  howpublished = "\url{http://miktex.org/}",
  note = "[letzter Zugriff: 7. Aug. 2014]"
}

@misc{ctan,
  title = "{CTAN}: the {C}omprehensive {T}e{X} {A}rchive {N}etwork",
  key = "ctan",
  howpublished = "\url{http://www.ctan.org/}",
  note = "[letzter Zugriff: 7. Aug. 2014]"
}

@misc{emacs,
  title = "Emacs",
  key = "emacs",
  howpublished = "\url{http://www.gnu.org/software/emacs/}",
  note = "[letzter Zugriff: 7. Aug. 2014]"
}

@misc{auctex,
  title = "{AUCTeX}",
  key = "auctex",
  howpublished = "\url{http://www.gnu.org/software/auctex/}",
  note = "[letzter Zugriff: 7. Aug. 2014]"
}

@misc{texmaker,
  title = "Texmaker",
  key = "texmaker",
  howpublished = "\url{http://www.xm1math.net/texmaker/}",
  note = "[letzter Zugriff: 7. Aug. 2014]"
}

@misc{libreoffice,
  title = "LibreOffice",
  key = "libreoffice",
  howpublished = "\url{http://www.libreoffice.org/}",
  note = "[letzter Zugriff: 7. Aug. 2014]"
}

@misc{dia,
  title = "Dia",
  key = "dia",
  howpublished = "\url{https://wiki.gnome.org/Apps/Dia}",
  note = "[letzter Zugriff: 7. Aug. 2014]"
}

@misc{tikz,
  title = "{TikZ}",
  key = "tikz",
  howpublished = "\url{http://sourceforge.net/projects/pgf/}",
  note = "[letzter Zugriff: 7. Aug. 2014]"
}

@misc{tikzautomata,
  title = "{TeXample.net, TikZ automata}",
  key = "automata",
  howpublished = "\url{http://www.texample.net/tikz/examples/automata/}",
  note = "[letzter Zugriff: 7. Aug. 2014]"
}

@misc{acm,
  title = "{ACM, Digital Library}",
  key = "ACM",
  howpublished = "\url{http://dl.acm.org/}",
  note = "[letzter Zugriff: 7. Aug. 2014]"
}

@misc{ieee,
  title = "{IEEE Xplore, Digital Library}",
  key = "IEEE",
  howpublished = "\url{http://ieeexplore.ieee.org/Xplore/dynhome.jsp}",
  note = "[letzter Zugriff: 7. Aug. 2014]"
}

@misc{gnulogo,
  title = "{The GNU Logo.png}", 
  key = "IEEE",
  howpublished = "\url{http://en.wikipedia.org/wiki/File:The_GNU_logo.png}",
  note = "[letzter Zugriff: 7. Aug. 2014], unter Free Art Licence"
}

@misc{fal,
  title = "{Free Art Licence}",
  key = "licence",
  howpublished = "\url{http://artlibre.org/licence/lal/en}",
  note = "[letzter Zugriff: 7. Aug. 2014]"
}
